@book{1-1-1,
	author	=	{José Miguel Fernandez Gómez},
	title = {Introducción a la gesitón de flotas de vehículos},
	publisher={SafeCreative},
	year = {2018},
    howpublished        = {\url {http://www.advancedfleetmanagementconsulting.com/descarga-ebook/}}  
}


@articleonline{1-1-2,
  author    = {Amanda González de Aledo},
  journal   = {Diario de Cadiz},
  title     = {El Supremo avala el GPS para vigilar al trabajador},
   year      = {2018},
   howpublished        = {\url {https://www.diariodecadiz.es/provincia/Supremo-avala-GPS-vigilar-trabajador_0_1276372522.html}}    
}


@book{1-1-3,
	author	=	{Mike Loukides and Jon Bruner},
	title = {What Is the Internet of Things?},
	publisher={O’Reilly Media},
	year = {2015}
}


@techreport{1-1-4,
	author = {Steffen Schorpp},
	title ={Dynamic Fleet Management for International Truck Transportation},
    year = {2010},
    publisher={Gabler}
}



@articleonline{1-1-5,
  author    = {DGT},
  title     = {Cuadro para excesos de velocidad},
   year      = {2010},
   howpublished        = {\url {https://sede.dgt.gob.es/Galerias/tramites-y-multas/alguna-multa/consulta-de-sanciones-por-exceso-velocidad/cuadro_velocidad.pdf}},
   urldate = {2018-09-05}
}



@articleonline{1-1-6,
	title	= {Tiempos de conducción y descanso},
	author	= {Ministerio Fomento},
    howpublished        = {\url {https://www.fomento.gob.es/transporte-terrestre/inspeccion-y-seguridad-en-el-transporte/tiempos-de-conduccion-y-descanso/conduccion/tiempos-de-conduccion}},
    urldate = {2018-09-05}
    
}


@articleonline{2-1,
	title	= {Highly Automated Vehicle Systems},
	author	= {Péter Gáspár and Zsolt Szalay and Szilárd Aradi},
	publisher={BME MOGI},
	year = {2014},
	chapter     = {14},
    howpublished        = {\url {http://www.mogi.bme.hu/TAMOP/jarmurendszerek_iranyitasa_angol/}},
    urldate = {2018-09-05}   
}


@PHDTHESIS{2-2, 
  author =       "Ali Karimi and Johan Olsson and Johan Rydell", 
  title =        "{A Software Architecture Approach to Remote Vehicle Diagnostics}", 
  school =       "IT UNIVERSITY OF GÖTEBORG", 
  year =         "2004"
}

@articleonline{OpenGTS,
	title	= {OpenGTS},
    howpublished = {\url {http://www.opengts.org/}},
    urldate = {2018-09-05}
}

@CONFERENCE {2-4,
    author    = {Hamed Saghaei},
    title     = {Design and Implementation of a Fleet Management  System Using Novel GPS/GLONASS Tracker and  Web - Based Software},
    booktitle = {International Conference on New Research Achievements in Electrical and Computer Engineering},
    year      = {2016}
}




@articleonline {Sateltrack,
    title        = {The professional solution for web-enabled Fleet Management},
    author = {Sateltrack},
    organization = {Sateltrack},
    institution  = {Cefin Systems},
    year         = {2009},
    howpublished = {\url {https://www.sateltrack.com/download/sateltrack_features_en.pdf}}
}

@articleonline {flematic,
    title        = {UNITED STATES SECURITIES AND EXCHANGE COMMISSION},
    author = {Verizon},
    organization = {FLEETMATICS GROUP PLC},
    institution  = {Verizon},
    year         = {2015},
    howpublished =  {\url {https://www.verizon.com/about/sites/default/files/FLTX%2010K.PDF}},
    urldate = {2018-09-05}
}


@articleonline{AWS,
	title	= {Presentación de la solución AWS Connected Vehicle},
	author = {AWS},
    howpublished   = {\url { https://aws.amazon.com/es/about-aws/whats-new/2017/11/introducing-the-aws-connected-vehicle-solution/}},
    urldate = {2018-09-05}
}


@articleonline{Azure,
	title	= {Lambda Architecture for Connected Car Fleet Management},
	author = {Azure},
    howpublished        = {\url {https://azure.microsoft.com/en-in/resources/videos/build-2017-lambda-architecture-for-connected-car-fleet-management/}},
    urldate = {2018-09-05}
}

@articleonline{Oracle,
	title	= {Improving Logistics and Transportation Performance with Big Data},
	author = {Oracle},
    howpublished        = {\url {http://www.oracle.com/us/technologies/big-data/big-data-logistics-2398953.pdf}},
    urldate = {2018-09-05}
}


@articleonline{Yuga,
	title	= {IoT Fleet Management - Spark and Kafka},
	author = {YugaByte},
    howpublished        = {\url {https://docs.yugabyte.com/latest/develop/realworld-apps/iot-spark-kafka/}},
    urldate = {2018-09-05}
}

@articleonline{InfoQ,
  author    = {Amit Baghel},
  title     = {Traffic Data Monitoring Using IoT, Kafka and Spark Streaming},
   year      = {2016},
   howpublished        = {\url {https://www.infoq.com/articles/traffic-data-monitoring-iot-kafka-and-spark-streaming}}    
}


@articleonline{2-12,
  author    = {Agile Fleet},
  title     = {Fleet Management Software: Build or Buy?},
   urldate = {2018-09-05},
   howpublished        = {\url {https://cdn2.hubspot.net/hubfs/437692/E-Guides,_e-books,_etc./Build_or_Buy_E-Book_20170629-1.pdf}}
}


@article{MDPI,
  author    = {Muhammad Syafrudin and Norma Latif Fitriyani and Jongtae Rhee and Yong-Shin Kang and Donglai Li and Ganjar Alfian},
  title     = {An Open Source-Based Real-Time Data Processing Architecture Framework for Manufacturing Sustainability},
  year      = {2017}
}



@articleonline{BD-1,
  author    = {Steve Lohr},
  journal   = {The New York Times},
  title     = {Business, Innovation, Technology, Society The Origins of ‘Big Data': An Etymological Detective Story},
   year      = {2013},
   howpublished        = {\url {https://bits.blogs.nytimes.com/2013/02/01/the-origins-of-big-data-an-etymological-detective-story/}}    
}

@book{BD-2,
	author	=	{Nathan Marz and James Warren},
	title = {Big Data, Principles and best practices of scalable real-time data systems},
	publisher={MANNING},
	year = {2015}
}

@book{BD-3,
	author	=	{Peter K. Ghavam},
	title = {BIG DATA GOVERNANCE, Modern Data Management Principles for Hadoop, NoSQL and Big Data Analytics},
	publisher={CreateSpace Independent Publishing Platform},
	year = {2016}
}

@book{BD-4,
	author	=	{Michael Frampton},
	title = {Big Data Made Easy, A Working Guide to the Complete Hadoop Toolset},
	publisher={APRESS},
	year = {2016}
}

@articleonline{BD-1,
  author    = {Troy Powell},
  journal   = {Reserach Access},
  title     = {The Fourth V of Big Data},
   year      = {2014},
   howpublished        = {\url {http://researchaccess.com/2014/08/the-fourth-v-of-big-data/}}   
}


@book{BD-6,
	author	=	{Judith Hurwitz and Alan Nugent and Fern Halper and Marcia Kaufman},
	title = {Big Data for Dummies},
	publisher={John Wiley and Sons, Inc.},
	year = {2013}
}

