@misc{timescale,
  title = {Why SQL is beating NoSQL, and what this means for the future of data},
  howpublished = {\url{https://blog.timescale.com/why-sql-beating-nosql-what-this-means-for-future-of-data-time-series-database-348b777b847a}},
  note = {Último acceso: 10-05-2018}
}

@InProceedings{peffers2008,
  author =       {Peffers K. and Tuunanen T. and Rothenberger MA. and Chatterjee S.},
  title =        {A design science research methodology for information systems research.},
  booktitle = {Journal of {M}anagement {I}nformation {S}ystems},
  year =      2008,
  volume =    24,
  number =    3,
  pages =     {45-77},
  month =     {September}}
  
@misc{vaishnavi2013,
  title = {Design science research in information systems.},
  howpublished =
{\url{http://desrist.org/desrist/content/design-science-research-in-information-systems.pdf
}},
  author = {Vaishnavi, V. and Kuechler, W.},
  note = {Último acceso: 21-06-2016}
}

@misc{whatsapp-stats,
  author = {Statista},
  title = {Number of mobile messages sent through WhatsApp as of 4th quarter 2017},
  howpublished = {\url{https://www.statista.com/statistics/258743/daily-mobile-message-volume-of-whatsapp-messenger/}},
  note = {Último acceso: 21-06-2016}
}

@misc{amazon-stats1,
  author = {Statista},
  title = {Combined desktop and mobile visits to Amazon.com from April 2017 to March 2018},
  howpublished = {\url{https://www.statista.com/statistics/623566/web-visits-to-amazoncom/}},
  note = {Último acceso: 16-06-2018}
}

@misc{amazon-stats2,
  author = {SimilarWeb},
  title = {Amazon.com Analytics - Market Share Stats \& Traffic Ranking},
  howpublished = {\url{https://www.similarweb.com/website/amazon.com}},
  note = {Último acceso: 16-06-2018}
}


@misc{gartner-iot,
  author = {Gartner},
  title = {Gartner Says 8.4 Billion Connected ``Things'' Will Be in Use in 2017, Up 31 Percent From 2016},
  howpublished = {\url{https://www.gartner.com/newsroom/id/3598917}},
  note = {Último acceso: 16-06-2018}
}

@unknown{brewer,
	author = {Brewer, Eric},
	year = {2000},
	month = {01},
	pages = {7},
	title = {Towards robust distributed systems},
	booktitle = {PODC}
}

@Book{fowler2012,
  place={Upper Saddle River, NJ},
  author = {Sadalage, Pramod J. and Fowler, Martin},
  title = {NoSQL Distilled. A Brief Guide to the Emerging World of Polyglot Persistence},
  year = {2012},
  isbn = {0321826620, 9780321826626},
  edition = {1st},
  publisher = {Addison-Wesley Professional}
}

@Book{sullivan2015,
  place={Hoboken, NJ},
  author={Sullivan, Dan},
  title = {NoSQL For Mere Mortals},
  year = {2015},
  isbn = {0134023218, 9780134023212},
  edition = {1st},
  subtitle = {Software-Independent Approach!},
  publisher = {Addison-Wesley Professional}
  
}

@Book{learning-spark,
  author = {Holden Karau, Any Konwinski, Patrick Wendell and Matei Zaharia},
  title = {Learning Spark},
  subtitle = {LIGHTNING-FAST DATA ANALYSIS},
  publisher = {O'{}Reilly},
  isbn = {978-1-449-35862-4},
  year = {2015}
}

@Book{datasci,
  author = {Foster Provost and Tom Fawcett},
  title = {Data Science for Business},
  subtitle = {What You Need to Know About Data Mining and Data-Analytic Thinking},
  publisher = {O'{}Reilly},
  year = {2013}
}

@Book{couchdb-definitive,
  author = {j. Chris Anderson and Jan Lehnardt and Noah Slater},
  title = {CouchDB - The Definitive Guide},
  subtitle = {Time to Relax},
  publisher = {O'{}Reilly},
  year = {2010}
}

@Book{couchdb-started,
  author = {Martin Brown},
  title = {Getting Started with CouchDB},
  subtitle = {Extreme Scalability at Your Fingertips},
  publisher = {O'{}Reilly},
  year = {2012}
}


@misc{mynosql,
  title = {NoSQL},
  author = {Alex Popescu, Ana-Maria Bacalu},
  howpublished = {\url{http://nosql.mypopescu.com/kb/nosql}},
  note = {Último acceso: 10-05-2018}
}

@InProceedings{sevilla2015,
  author =       {Diego {Sevilla Ruiz} and Severino {Feliciano Morales} and Jesús {García Molina}},
  title =        {Inferring {V}ersioned {S}chemas from {NoSQL} {D}atabases and its {A}pplications},
  booktitle = {ER},
  year =      2015,
  pages =     {467--480},
  month =     {September}}

@Proceedings{klettke2015,
  title = {Schema {E}xtraction and {S}tructural {O}utlier
{D}etection for {JSON}-based {NoSQL} {D}ata
{S}tores},
  author = {Klettke, Meike and Scherzinger, Stefanie and Störl,
Uta},
  booktitle = {BTW},
  year = 2015
} 

@InProceedings{wang15,
  author = {Wang, L. and Hassanzadeh, O. and Zhang, S. and Shi, J. and Jiao, L. and Zou, J. and Wang, C.},
  title = {Schema {M}anagement for {D}ocument {S}tores},
  booktitle = {VLDB Endowment},
  year = 2015,
  volume = 8,
  number = 9}
  
@phdthesis{severino2017,
  author = {Feliciano Morales, Severino}, 
  title        = {Inferring NoSQL Data Schemas with Model-Driven Engineering Techniques},
  school =  {Facultad de Informática. Universidad de Murcia},
  year         = 2017
}


@mastersthesis{sevilla2016,
  author 	=       {Diego Sevilla Ruiz and Jesús García Molina
  				 	 and Alberto Hernández Chillón},
  title 	= 		{Visualización de Esquemas y Datos en Bases de Datos NoSQL},
  school	= 		{University of Murcia},
  year		=		2016,
  month		= 		{July},
  pages		= 		103
}

@inproceedings{Chillon17,
  author    = {Alberto Hern{\'{a}}ndez Chill{\'{o}}n and
               Severino Feliciano Morales and
               Diego Sevilla and
               Jes{\'{u}}s Garc{\'{\i}}a Molina},
  title     = {Exploring the Visualization of Schemas for Aggregate-Oriented NoSQL Databases},
  booktitle = {Proceedings of the {ER} Forum 2017 and the {ER} 2017 Demo Track co-located with the 36th International Conference on Conceptual Modelling ({ER} 2017), Valencia, Spain, - November 6-9, 2017.},
  pages     = {72--85},
  year      = {2017},
}

@misc{emf,
  author = {The Eclipse Foundation},
  title = {EMF},
  subtitle = {Eclipse Modeling Project},
  howpublished = "\url{https://www.eclipse.org/modeling/emf/}",
  note = {Último acceso: 19-06-2018}

}

@Book{emfse,
  author = {Dave Steinberg and Frank Budinsky and Marcelo Paternostro and Ed Merks},
  title = {EMF},
  subtitle = {Eclipse Modeling Framework},
  publisher = {Eclipse},
  year = {2009},
  edition = 2
}

@Book{prosparkstreaming,
  author = {Zubair Nabi},
  title = {Pro Spark Streaming},
  subtitle = {The Zen of Real-time Analytics using Apache Spark},
  publisher = {Apress},
  year = {2016},
  edition = 2
}


@misc{bigdataspark,
	author = {Heather Miller},
	title = {Big Data Analysis with Scala and Spark},
	howpublished = "\url{https://www.coursera.org/learn/scala-spark-big-data/}",
	note = {Último acceso: 14-05-2018}
}

@misc{vogella,
	author = {Lars Vogel},
	title = {Eclipse Modeling Framework (EMF) - Tutorial},
	howpublished = "\url{http://www.vogella.com/tutorials/EclipseEMF/article.html}",
	note = {Último acceso: 14-05-2018}
}

@misc{emfforum,
	author = {Eclipse Foundation},
	title = {Eclipse Community Forums},
	howpublished = "\url{https://www.eclipse.org/forums}",
	note = {Último acceso: 14-05-2018}
}


@misc{halfvim,
	author = {Yan Chen},
	title = {FileInputDStream in Spark Streaming},
	howpublished = "\url{https://halfvim.github.io/2016/06/28/FileInputDStream-in-Spark-Streaming/}",
	year = 2016,
	month = 06,
	day = 28,
	note = {Último acceso: 14-05-2018}
}

@misc{streamingguide,
	author = {Apache Spark},
	title = {Spark Streaming Programming Guide},
	howpublished = "\url{https://spark.apache.org/docs/2.2.1/streaming-programming-guide.html}",
	note = {Último acceso: 14-05-2018}
}

@misc{sparkguide,
	author = {Apache Spark},
	title = {RDD Programming Guide},
	howpublished = "\url{https://spark.apache.org/docs/2.2.1/rdd-programming-guide.html}",
	note = {Último acceso: 14-05-2018}
}


@misc{structuredguide,
	author = {Apache Spark},
	title = {Structured Streaming Programming Guide},
	howpublished = "\url{https://spark.apache.org/docs/2.2.1/structured-streaming-programming-guide.html}",
	note = {Último acceso: 15-05-2018}
}

@misc{sparkr,
	author = {Apache Spark},
	title = {Spark Streaming Programming Guide},
	howpublished = "\url{https://spark.apache.org/docs/2.2.1/streaming-programming-guide.html}",
	note = {Último acceso: 14-05-2018}
}

@misc{dataframesguide,
	author = {Apache Spark},
	title = {Spark SQL, DataFrames and Datasets Guide},
	howpublished = "\url{https://spark.apache.org/docs/2.2.1/sql-programming-guide.html}",
	note = {Último acceso: 15-05-2018}
}

@misc{spark-overview,
	author = {Apache Spark},
	title = {Spark Overview},
	howpublished = "\url{https://spark.apache.org/docs/2.2.0/index.html}",
	note = {Último acceso: 26-05-2018}
}

@misc{sparkreceiver,
	author = {Apache Spark},
	title = {Spark Streaming Custom Receivers},
	howpublished = "\url{https://spark.apache.org/docs/2.2.1/streaming-custom-receivers.html}",
	note = {Último acceso: 15-05-2018}
}


@misc{mapspark,
	author = {Yuval Itzchakov},
	title = {Exploring Stateful Streaming with Apache Spark},
	howpublished = "\url{http://asyncified.io/2016/07/31/exploring-stateful-streaming-with-apache-spark}",
	note = {Último acceso: 14-05-2018},
	year = 2016,
	month = 07,
	day = 31
}

@misc{mongo-docs,
	author = {MongoDB},
	title = {The MongoDB 3.6 Manual},
	howpublished = "\url{https://docs.mongodb.com/manual}",
	note = {Último acceso: 14-05-2018},
	year = 2018
}

@misc{mongo-install,
	author = {MongoDB},
	title = {Install MongoDB Community Edition on Ubuntu},
	howpublished = "\url{https://docs.mongodb.com/manual/tutorial/install-mongodb-on-ubuntu/}",
	note = {Último acceso: 14-05-2018},
	year = 2018
}

@misc{mongo-replica,
	author = {MongoDB},
	title = {Convert a Standalone to a Replica Set},
	howpublished = "\url{https://docs.mongodb.com/manual/tutorial/convert-standalone-to-replica-set/}",
	note = {Último acceso: 14-05-2018},
	year = 2018
}

@misc{loosexaml,
	author = {Loose XAML},
	title = {How to get a MongoDB oplog without a full replica set},
	howpublished = "\url{https://loosexaml.wordpress.com/2012/09/03/how-to-get-a-mongodb-oplog-without-a-full-replica-set/}",
	note = {Último acceso: 14-05-2018},
	year = 2018
}

@unpublished{ssdd-emf,
	author = {Diego Sevilla Ruiz},
	title = {Eclipse Modeling Framework},
	note = {Sistemas Distribuidos},
	year = 2010,
	month = 10
}

@unpublished{ssdd-docker,
	author = {Diego Sevilla Ruiz},
	title = {Docker \& docker-compose},
	note = {Sistemas Distribuidos},
	year = 2018,
	month = 2
}

@misc{mongo-scala,
	author = {MongoDB},
	title = {MongoDB Scala Driver Documentation},
	howpublished = "\url{http://mongodb.github.io/mongo-scala-driver/2.2/}",
	note = {Último acceso: 15-05-2018},
	year = 2018
}

@misc{structured-anthology,
	author = {Jules Damji},
	title = {Anthology of Technical Assets on Apache Spark’s Structured Streaming},
	subtitle = {Videos, blogs, new articles, and podcasts to peruse},
	howpublished = "\url{https://databricks.com/blog/2017/08/24/anthology-of-technical-assets-on-apache-sparks-structured-streaming.html}",
	note = {Último acceso: 15-05-2018},
	year = 2017,
	month = 08
}

@misc{couchdb-doc,
	author = {Apache CouchDB},
	title = {Apache CouchDB 2.1 Documentation},
	howpublished = "\url{http://docs.couchdb.org/en/2.1.1/}",
	note = {Último acceso: 15-05-2018}
}

@misc{couchdb-api,
	author = {Henrik Lundgren},
	title = {Ektorp Reference Documentation},
	howpublished = "\url{https://helun.github.io/Ektorp/reference_documentation.html}",
	note = {Último acceso: 15-05-2018}
}

@misc{spark-api,
	title = {Apache Spark 2.2.1 API Doc},
	author = {Apache Spark},
	howpublished = "\url{https://spark.apache.org/docs/2.2.1/api/scala/index.html#org.apache.spark.package}",
	note = {Último acceso: 25-05-2018}
}


@misc{docker-docs,
	author = {Docker},
	title = {Docker Documentation},
	howpublished = "\url{https://docs.docker.com/}",
	note = {Último acceso: 15-05-2018}
}

@misc{segence,
	author = {Rob Vadai},
	title = {Segence Hadoop Docker container},
	howpublished = "\url{https://github.com/Segence/docker-hadoop}",
	note = {Último acceso: 15-05-2018}
}


@misc{json-datasets,
	author = {Justin Dorfman},
	title = {Awesome JSON Datasets},
	howpublished = "\url{https://github.com/jdorfman/awesome-json-datasets}",
	note = {Último acceso: 15-05-2018}
}

@misc{stackoverflow-es,
	author = {Diego Sevilla},
	howpublished = "\url{http://neuromancer.inf.um.es:8080/es.stackoverflow}",
	note = {Último acceso: 21-06-2018}
}

@misc{lastfm-dataset,
	author = {Million Song Dataset},
	title = {The Last.fm Dataset},
	howpublished = "\url{https://labrosa.ee.columbia.edu/millionsong/lastfm}",
	note = {Último acceso: 15-05-2018}
}

@misc{mastering-apache-spark,
	author = {Jacek Laskowski},
	title = {Mastering Apache Spark (2.3.0)},
	howpublished = "\url{https://jaceklaskowski.gitbooks.io/mastering-apache-spark/content/}",
	note = {Último acceso: 25-05-2018}
}

@misc{databricks-apps-spark,
	author = {Databricks},
	title = {Databricks Reference Apps},
	howpublished = "\url{https://databricks.gitbooks.io/databricks-spark-reference-applications/index.html}",
	note = {Último acceso: 25-05-2018}
}

@misc{spark-best-practices,
	author = {Umberto Griffo},
	title = {Apache Spark - Best Practices and Tuning},
	howpublished = "\url{https://umbertogriffo.gitbooks.io/apache-spark-best-practices-and-tuning/content/}",
	note = {Último acceso: 25-05-2018}
}

@misc{schema-inference-original,
	author = {Diego Sevilla Ruiz},
	howpublished = "\url{https://github.com/catedrasaes-umu/NoSQLDataEngineering/tree/master/es.um.nosql.s13e.json2dbschema}",
	note = {Último acceso: 26-05-2018}
}

@misc{metamodel-nosql-original,
	author = {Diego Sevilla Ruiz},
	howpublished = "\url{https://github.com/catedrasaes-umu/NoSQLDataEngineering/tree/master/es.um.nosql.s13e}",
	note = {Último acceso: 26-05-2018}
}

@misc{reddit-spark-scala,
	author = {Matei Zaharia},
	howpublished = "\url{https://www.reddit.com/r/IAmA/comments/31bkue/im_matei_zaharia_creator_of_spark_and_cto_at/cq02c5a/}",
	note = {Último acceso: 26-05-2018}
}

@misc{learning-scala,
	author = {Martin Odersky},
	title = {Functional Programming Principles in Scala},
	howpublished = "\url{https://www.coursera.org/learn/progfun1}",
	note = {Último acceso: 26-05-2018}
}

@misc{bdge,
	author = {Diego Sevilla Ruiz},
	title = {Recursos para la asignatura BDGE del Máster de Big Data de la UM/USC},
	howpublished = "\url{https://github.com/dsevilla/bdge}",
	note = {Último acceso: 26-05-2018}
}

@misc{spark-cluster,
	author = {Apache Spark},
	title = {Cluster Overview},
	howpublished = "\url{https://spark.apache.org/docs/latest/cluster-overview.html}",
	note = {Último acceso: 28-05-2018}
}

@misc{spark-streaming-visualization,
	author = {Andrew Or},
	title = {Understanding your Apache Spark Application Through Visualization},
	howpublished = "\url{https://databricks.com/blog/2015/06/22/understanding-your-spark-application-through-visualization.html}",
	note = {Último acceso: 29-05-2018}
}

@misc{jvm-serializers,
	author = {Eishay Smith},
	title = {JVM Serializers},
	howpublished = "\url{https://github.com/eishay/jvm-serializers/wiki}",
	note = {Último acceso: 03-06-2018}
}

@misc{tuning-spark,
	author = {Apache Spark},
	title = {Tuning Spark},
	howpublished = "\url{https://spark.apache.org/docs/2.2.1/tuning.html}",
	note = {Último acceso: 03-06-2018}
}

@misc{spark-yarn,
	author = {Apache Spark},
	title = {Running Spark on YARN},
	howpublished = "\url{https://spark.apache.org/docs/2.2.1/running-on-yarn.html}",
	note = {Último acceso: 03-06-2018}
}


@misc{spark-configuration,
	author = {Apache Spark},
	title = {Spark Configuration},
	howpublished = "\url{https://spark.apache.org/docs/latest/configuration.html}",
	note = {Último acceso: 04-06-2018}
}

@misc{spark-job-scheduling,
	author = {Apache Spark},
	title = {Job Scheduling},
	howpublished = "\url{https://spark.apache.org/docs/latest/job-scheduling.html}",
	note = {Último acceso: 04-06-2018}
}

@misc{nosql-database,
	title = {NoSQL},
	subtitle = {Your Ultimate Guide to the Non-Relational Universe!},
	howpublished = "\url{http://nosql-database.org/}",
	note = {Último acceso: 06-06-2018}
}

@Book{hows_membrey_plugge_2014,
	 title={The Definitive Guide to MongoDB},
	 subtitle={A complete guide to dealing with Big Data using MongoDB},
	 publisher={Apress},
	 author={Hows, David and Membrey, Peter and Plugge, Eelco and Hawkins, Tim},
	 year={2013}
}

@Misc{data2015,
  author =    {Vladimir Bacvanski and Charles Roe},
  title =     {Insights into Modeling NoSQL},
  year =      {2015}
}

@article{cabot2016,
  author =       {C{\'{a}}novas Izquierdo, Javier Luis and  Cabot, Jordi},
  title =        {{JSONDiscoverer: Visualizing the schema lurking
                  behind {JSON} documents}},
  journal =      {Knowl.-Based Syst.},
  volume =       103,
  pages =        {52--55},
  year =         2016,
  url =          {http://dx.doi.org/10.1016/j.knosys.2016.03.020},
  doi =          {10.1016/j.knosys.2016.03.020},
  timestamp =    {Thu, 09 Jun 2016 17:11:01 +0200},
  biburl =
                  {http://dblp.uni-trier.de/rec/bib/journals/kbs/IzquierdoC16},
  bibsource =    {dblp computer science bibliography, http://dblp.org}
}

@misc{erstudio,
  title =        {{ER-Studio Web Page}},
  key =          {ER-Studio},
  howpublished =
                  {\url{https://www.idera.com/er-studio-enterprise-data-modeling-and-architecture-tools}},
  note = 		 {Último acceso: 17-06-2018},
  year =         2017
}

@misc{erwin,
  title =        {{CA ERwin Web Page}},
  key =          {ERWin},
  howpublished = {\url{http://erwin.com/products/data-modeler}},
  note = 		 {Último acceso: 17-06-2018},
  year =         2017
}

@inproceedings{castrejon2013a,
  author =       {Juan Carlos Castrej{\'{o}}n and Genoveva
                  Vargas{-}Solar and Christine Collet and Rafael
                  Lozano},
  title =        {{ExSchema: Discovering and Maintaining Schemas from
                  Polyglot Persistence Applications}},
  booktitle =    {2013 {IEEE} International Conference on Software
                  Maintenance, Eindhoven, The Netherlands, September
                  22-28, 2013},
  pages =        {496--499},
  year =         2013,
  url =          {http://dx.doi.org/10.1109/ICSM.2013.81},
  doi =          {10.1109/ICSM.2013.81},
  timestamp =    {Wed, 10 Jun 2015 16:53:30 +0200},
  biburl =
                  {http://dblp.uni-trier.de/rec/bib/conf/icsm/CastrejonVCL13},
  bibsource =    {dblp computer science bibliography, http://dblp.org},
}

@article{castrejon2013b,
  title =        {{ExSchema: Discovering and Maintaining Schemas from
                  Polyglot Persistence Applications}},
  author =       {Castrej{\'o}n, Juan and Vargas-Solar, Genoveva and
                  Collet, Christine and Lozano, Rafael},
  note =         {Available on ResearchGate (2016, extended version of
                  the paper published in ICSM'2013)},
  year =         2013
}

@misc{dbschema,
  author =       {DbSchema},
  title =        {DbSchema Web Page},
  howpublished = {\url{http://www.dbschema.com/index_es.html}},
  note =         {Visited March~2017},
  year =         2017
}

@article{CIBSE2015,
author = {Severino Feliciano Morales and Jesús Garcı́a Molina and Diego Sevilla Ruiz},
title = {{Inferencia del esquema en bases de datos NoSQL a través de un enfoque MDE}},
year = {2015}
}

@misc{alluxio-use-case,
	author= {Henry Powell and Gianmario Spacagna},
	title = {Making the Impossible Possible with Tachyon: Accelerate Spark Jobs from Hours to Seconds },
	howpublished = "\url{https://dzone.com/articles/Accelerate-In-Memory-Processing-with-Spark-from-Hours-to-Seconds-With-Tachyon}",
	note = {Último acceso: 06-06-2018}
}

@misc{couchdb-big-data,
	author= {Kurt Yamamoto},
	title = {Apache CouchDB 2.0 Adds Clustering To Handle Big Data},
	howpublished = "\url{http://www.tomsitpro.com/articles/nosql-bigdata-couchdb-apache,1-2350.html}",
	note = {Último acceso: 17-06-2018},
	year = {2017},
	month = {Noviembre},
	day = {17}
}

@misc{mongodb-iot,
	author= {MongoDB},
	title = {Internet of Things},
	howpublished = "\url{https://www.mongodb.com/use-cases/internet-of-things}",
	note = {Último acceso: 17-06-2018}
}

@misc{mongodb-real-time,
	author= {MongoDB},
	title = {Real-Time Analytics},
	howpublished = "\url{https://www.mongodb.com/use-cases/real-time-analytics}",
	note = {Último acceso: 17-06-2018}
}

@misc{db-engines,
	author= {Solid IT},
	title = {DB-Engines},
	subtitle = {Knowledge Base of Relational and NoSQL Database Management Systems},
	howpublished = "\url{https://db-engines.com}",
	note = {Último acceso: 06-06-2018}
} 


@article{mapreduce,
  author =       {Jeffrey Dean and Sanjay Ghemawat},
  title =        {{JMapReduce: Simplified Data Processing on Large Clusters}},
  pages =        {13},
  year =         2004
}
